<?xml version="1.0" encoding="UTF-8"?><collection xmlns="http://www.loc.gov/MARC21/slim"><record><leader>00497nam--2200181-i-4500</leader><controlfield tag="001">000016303</controlfield><controlfield tag="002">20161230</controlfield><controlfield tag="005">20161230201031</controlfield><controlfield tag="008">060222s1000------------r-----000-0-fre-d</controlfield><datafield ind1=" " ind2=" " tag="040"><subfield code="a">IFIN-HH</subfield></datafield><datafield ind1=" " ind2=" " tag="041"><subfield code="a">fre</subfield></datafield><datafield ind1=" " ind2=" " tag="080"><subfield code="a">534.321.9(043)</subfield></datafield><datafield ind1="1" ind2=" " tag="100"><subfield code="a">Badoz, Jacques</subfield></datafield><datafield ind1="1" ind2="0" tag="245"><subfield code="a">Sur la birefringence acoustique. methodes de mesures, etude de la dispersion</subfield><subfield code="b">Theses</subfield><subfield code="c">Jacques badoz</subfield></datafield><datafield ind1=" " ind2=" " tag="260"><subfield code="a">Paris</subfield><subfield code="b">Universite</subfield><subfield code="c">1953</subfield></datafield><datafield ind1=" " ind2=" " tag="300"><subfield code="a">54 P</subfield></datafield><datafield ind1=" " ind2=" " tag="852"><subfield code="a">78097</subfield><subfield code="c">534</subfield></datafield><datafield ind1=" " ind2=" " tag="CAT"><subfield code="a">Sys</subfield><subfield code="c">20110119</subfield><subfield code="h">133719</subfield></datafield></record></collection>